<?xml version="1.0" encoding="UTF-8"?><collection xmlns="http://www.loc.gov/MARC21/slim"><record><leader>00436nam--2200157-i-4500</leader><controlfield tag="001">000029272</controlfield><controlfield tag="002">20161230</controlfield><controlfield tag="005">20161230201037</controlfield><controlfield tag="008">060222s1000------------r-----000-0-eng-d</controlfield><datafield ind1=" " ind2=" " tag="040"><subfield code="a">IFIN-HH</subfield></datafield><datafield ind1=" " ind2=" " tag="100"><subfield code="a">Kuntzmann, J</subfield></datafield><datafield ind1=" " ind2=" " tag="245"><subfield code="a">Methodes numeriques.interpolation-derivees</subfield></datafield><datafield ind1=" " ind2=" " tag="260"><subfield code="a">Paris, Dunod, 1959. Xvi + 252p</subfield></datafield><datafield ind1=" " ind2=" " tag="490"><subfield code="a">Cours De Calcul De L`Universite De Grenoble</subfield></datafield><datafield ind1=" " ind2=" " tag="852"><subfield code="a">14809</subfield><subfield code="c">518.12</subfield></datafield><datafield ind1=" " ind2=" " tag="CAT"><subfield code="a">Sys</subfield><subfield code="c">20090630</subfield><subfield code="h">085610</subfield></datafield></record></collection>